[gd_scene load_steps=5 format=2]

[ext_resource path="res://SavePage.gd" type="Script" id=1]
[ext_resource path="res://fonts/Xolonium-Regular.ttf" type="DynamicFontData" id=2]

[sub_resource type="DynamicFont" id=1]
size = 32
font_data = ExtResource( 2 )

[sub_resource type="DynamicFont" id=2]
size = 32
font_data = ExtResource( 2 )

[node name="SavePage" type="MarginContainer"]
anchor_right = 1.0
anchor_bottom = 1.0
margin_left = 100.0
margin_top = 100.0
margin_right = -100.0
margin_bottom = -100.0
script = ExtResource( 1 )

[node name="VBoxContainer" type="VBoxContainer" parent="."]
margin_right = 824.0
margin_bottom = 400.0

[node name="HBoxContainer" type="HBoxContainer" parent="VBoxContainer"]
margin_right = 824.0
margin_bottom = 39.0
alignment = 1

[node name="Label" type="Label" parent="VBoxContainer/HBoxContainer"]
margin_left = 274.0
margin_right = 550.0
margin_bottom = 39.0
custom_fonts/font = SubResource( 1 )
text = "Enter your name"
valign = 1

[node name="HBoxContainer2" type="HBoxContainer" parent="VBoxContainer"]
margin_top = 43.0
margin_right = 824.0
margin_bottom = 82.0
alignment = 1

[node name="LineEdit" type="LineEdit" parent="VBoxContainer/HBoxContainer2"]
margin_left = 381.0
margin_right = 439.0
margin_bottom = 39.0
max_length = 3
placeholder_text = "Name"

[node name="Label" type="Label" parent="VBoxContainer/HBoxContainer2"]
margin_left = 443.0
margin_right = 443.0
margin_bottom = 39.0
custom_fonts/font = SubResource( 2 )
